@MISC{Princeton:QH,
author = {Hausner, Aleho},
title = {Quick-Hull},
month = jun,
year = {1997},
howpublished = "\url{http://www.cs.princeton.edu/courses/archive/spr10/cos226/demo/ah/QuickHull.html}"
}

@MISC{Kent:QH,
author = {Bin Muhammad, Rashid},
title = {Quick Hull},
year = {1999},
howpublished = "\url{http://www.personal.kent.edu/~rmuhamma/Compgeometry/MyCG/ConvexHull/quickHull.htm}"
}

@MISC{Wikipedia:QH,
author = {Wikipedia},
title = {Convex Hull},
year = {2011},
howpublished = "\url{http://en.wikipedia.org/wiki/Convex_hull}"
}

@BOOK{CLRS,
   author = "Cormen, Thomas H., Leiserson, Charles E., Rivest, Ronald L., Stein, Clifford",
   title= "Introduction to Algorithms",
   publisher = "The MIT Press",
   year = 2009
   }